%% Internetquellen
@misc{onl_profinet,
	author = {Feldbusse.de},
	title = {Profinet},
	url = {{http://www.feldbusse.de/Profinet/profinet.shtml}},
	note = {Zugriff: 04.08.2017}
}
@misc{onl_profisafe,
	author = {PHOENIX CONTACT},
	title = {PROFIsafe},
	url = {{https://www.phoenixcontact.com/online/portal/de?1dmy&urile=wcm:path:/dede/web/main/products/technology_pages/subcategory_pages/Safety/916ff0d6-5046-4fa4-9a36-00e3abbeca60/916ff0d6-5046-4fa4-9a36-00e3abbeca60}},
	note = {Zugriff: 04.08.2017}
}
@misc{onl_rfc1006,
	author = {SIEMENS},
	title = {Was ist RFC1006 und wozu brauche ich diesen Dienst?},
	url = {{https://support.industry.siemens.com/cs/document/15048962/was-ist-rfc1006-und-wozu-brauche-ich-diesen-dienst-?dti=0&lc=de-WW}},
	note = {Zugriff: 01.11.2017}
}

