@misc{others_plc_sw,
	author = {Alois Wegerer},
	title = {Beschreibung der TMO\_BMW\_S7 Software V1 der Technologie Montage},
    howpublished = {Internes Dokument},
	note = {Version 0.3}
}

@misc{others_safety,
	author = {BMW TMO},
	title = {Description S7-Safety Software},
    howpublished = {Internes Dokument},
	note = {Version 1.2}
}
